<?xml version="1.0" encoding="UTF-8"?><collection xmlns="http://www.loc.gov/MARC21/slim"><record><leader>00465nam--2200169-i-4500</leader><controlfield tag="001">000016696</controlfield><controlfield tag="002">20161230</controlfield><controlfield tag="005">20170225105540</controlfield><controlfield tag="008">060222s1000------------r-----000-0-eng-d</controlfield><datafield ind1=" " ind2=" " tag="100"><subfield code="a">Branzei, Dan</subfield></datafield><datafield ind1=" " ind2=" " tag="245"><subfield code="a">Asupra unor tipuri de teoreme in geometrie</subfield></datafield><datafield ind1=" " ind2=" " tag="260"><subfield code="a">Timisoara</subfield><subfield code="b">Universitatea Din Timisoara</subfield><subfield code="c">1987</subfield></datafield><datafield ind1=" " ind2=" " tag="300"><subfield code="a">21 p</subfield></datafield><datafield ind1=" " ind2=" " tag="490"><subfield code="a">Caiete Metico-stiintifice, Matematica</subfield></datafield><datafield ind1=" " ind2=" " tag="700"><subfield code="a">Branzei, Rodica</subfield></datafield><datafield ind1=" " ind2=" " tag="852"><subfield code="a">514.1</subfield></datafield><datafield ind1=" " ind2=" " tag="CAT"><subfield code="a">SYS</subfield><subfield code="c">20170225</subfield><subfield code="h">105540</subfield></datafield></record></collection>